@article{李冉阳2016,
  title={紫金山天文台太阳黑子手描观测记录的精度分析},
  author={李冉阳 and 周团辉 and 季凯帆},
  journal={天文学报},
  volume={57},
  number={3},
  pages={292--301},
  year={2016}
}

@article{刘学富1999太阳黑子的观测,
  title={太阳黑子的观测},
  author={刘学富},
  journal={天文爱好者},
  volume={6},
  pages={016},
  year={1999}
}

@phdthesis{蒋帅2010k,
  title={K-均值聚类算法研究},
  author={蒋帅},
  year={2010},
  school={陕西师范大学}
}

@mastersthesis{吴晓蓉2008k,
  title={K-均值聚类算法初始中心选取相关问题的研究},
  author={吴晓蓉},
  school={湖南大学},
  year={2008}
}

